<record><leader>00000cas a2200000 a 4500</leader><controlfield tag="001">14348820</controlfield><controlfield tag="008">861006d19461960paudn ne      0    0eng c</controlfield><datafield ind1=" " ind2=" " tag="010"><subfield code="a">sn 86081800 </subfield></datafield><datafield ind1=" " ind2=" " tag="040"><subfield code="a">NPH</subfield><subfield code="b">eng</subfield><subfield code="c">NPH</subfield><subfield code="d">CUI</subfield><subfield code="d">OCLCQ</subfield><subfield code="d">OCLCF</subfield></datafield><datafield ind1=" " ind2=" " tag="042"><subfield code="a">pcc</subfield></datafield><datafield ind1=" " ind2=" " tag="043"><subfield code="a">n-us-pa</subfield></datafield><datafield ind1=" " ind2="4" tag="050"><subfield code="a">AN</subfield></datafield><datafield ind1="0" ind2=" " tag="130"><subfield code="a">Beaver Valley times (Beaver Valley ed.)</subfield></datafield><datafield ind1="1" ind2="0" tag="245"><subfield code="a">Beaver Valley times.</subfield></datafield><datafield ind1=" " ind2=" " tag="250"><subfield code="a">[Beaver Valley ed.].</subfield></datafield><datafield ind1=" " ind2=" " tag="260"><subfield code="a">Beaver, Pa. :</subfield><subfield code="b">Beaver Newspapers, Inc.,</subfield><subfield code="c">1946-1960.</subfield></datafield><datafield ind1=" " ind2=" " tag="300"><subfield code="a">v. :</subfield><subfield code="b">ill.</subfield></datafield><datafield ind1=" " ind2=" " tag="310"><subfield code="a">Daily (except Sunday)</subfield></datafield><datafield ind1="0" ind2=" " tag="362"><subfield code="a">Oct. 16, 1946-Jan. 30, 1960.</subfield></datafield><datafield ind1=" " ind2=" " tag="500"><subfield code="a">Issues for &lt;Oct. 16, 1946-Oct. 28, 1954, 1958&gt; lack ed. statement; issues for &lt;Jan. 1, 1957-Dec. 31, 1959&gt; have statement "Beaver County's hometown daily newspaper"; issues for &lt;Jan. 24, 1955-Aug. 16, 1955&gt; called Lower Beaver Valley ed."</subfield></datafield><datafield ind1=" " ind2=" " tag="500"><subfield code="a">"Rochester-Beaver-Monaca-Freedom-Brigewater-Conway-Vanport-Midland."</subfield></datafield><datafield ind1=" " ind2=" " tag="500"><subfield code="a">Also published in Rochester, Pa.</subfield></datafield><datafield ind1=" " ind2=" " tag="515"><subfield code="a">Issues for &lt;Sept. 9, 1954&gt;-Jan. 30, 1960 called also &lt;v. 79, no. 123&gt;-v. 84, no. 245.</subfield></datafield><datafield ind1=" " ind2=" " tag="580"><subfield code="a">Aliquippa eds. : Beaver Valley times (Aliquippa Area ed.) 195u-1959, Aliquippa times (Aliquippa, Pa. : 1959), 1959-1960, Times (Beaver, Pa. : 1960), 1960.</subfield></datafield><datafield ind1=" " ind2=" " tag="580"><subfield code="a">Ambridge eds. : Beaver Valley times (Ambridge Area ed.), 195u-1959, Ambridge times, 1959-1960.</subfield></datafield><datafield ind1=" " ind2="0" tag="651"><subfield code="a">Beaver (Pa.)</subfield><subfield code="v">Newspapers.</subfield></datafield><datafield ind1=" " ind2="0" tag="651"><subfield code="a">Rochester (Pa.)</subfield><subfield code="v">Newspapers.</subfield></datafield><datafield ind1=" " ind2="0" tag="651"><subfield code="a">Beaver County (Pa.)</subfield><subfield code="v">Newspapers.</subfield></datafield><datafield ind1=" " ind2="7" tag="655"><subfield code="a">Newspapers.</subfield><subfield code="2">fast</subfield><subfield code="0">(OCoLC)fst01423814</subfield></datafield><datafield ind1=" " ind2="7" tag="651"><subfield code="a">Pennsylvania</subfield><subfield code="z">Beaver.</subfield><subfield code="2">fast</subfield><subfield code="0">(OCoLC)fst01227421</subfield></datafield><datafield ind1=" " ind2="7" tag="651"><subfield code="a">Pennsylvania</subfield><subfield code="z">Beaver County.</subfield><subfield code="2">fast</subfield><subfield code="0">(OCoLC)fst01205522</subfield></datafield><datafield ind1=" " ind2="7" tag="651"><subfield code="a">Pennsylvania</subfield><subfield code="z">Rochester.</subfield><subfield code="2">fast</subfield><subfield code="0">(OCoLC)fst01256187</subfield></datafield><datafield ind1=" " ind2=" " tag="752"><subfield code="a">United States</subfield><subfield code="b">Pennsylvania</subfield><subfield code="c">Beaver</subfield><subfield code="d">Beaver.</subfield></datafield><datafield ind1=" " ind2=" " tag="752"><subfield code="a">United States</subfield><subfield code="b">Pennsylvania</subfield><subfield code="c">Beaver</subfield><subfield code="d">Rochester.</subfield></datafield><datafield ind1="1" ind2=" " tag="775"><subfield code="t">Beaver Valley times (Aliquippa Area ed.)</subfield><subfield code="w">(DLC)sn 86081801</subfield><subfield code="w">(OCoLC)14346199</subfield></datafield><datafield ind1="1" ind2=" " tag="775"><subfield code="t">Beaver Valley times (Ambridge Area ed.)</subfield><subfield code="w">(DLC)sn 86081834</subfield><subfield code="w">(OCoLC)14348903</subfield></datafield><datafield ind1="1" ind2=" " tag="775"><subfield code="t">Aliquippa times (Aliquippa, Pa. : 1959)</subfield><subfield code="w">(DLC)sn 86081842</subfield><subfield code="w">(OCoLC)14349021</subfield></datafield><datafield ind1="1" ind2=" " tag="775"><subfield code="t">Ambridge times</subfield><subfield code="w">(DLC)sn 86081835</subfield><subfield code="w">(OCoLC)14348884</subfield></datafield><datafield ind1="1" ind2=" " tag="775"><subfield code="t">Times (Beaver, Pa. : 1960)</subfield><subfield code="w">(DLC)sn 86081836</subfield><subfield code="w">(OCoLC)14348871</subfield></datafield><datafield ind1="0" ind2="4" tag="780"><subfield code="t">Daily times and western argus</subfield><subfield code="w">(DLC)sn 86081798</subfield><subfield code="w">(OCoLC)14346029</subfield></datafield><datafield ind1="0" ind2="4" tag="780"><subfield code="t">Evening times (Aliquippa, Pa.)</subfield><subfield code="w">(DLC)sn 86083359</subfield><subfield code="w">(OCoLC)14714407</subfield></datafield><datafield ind1="0" ind2="0" tag="785"><subfield code="t">Beaver County times (Beaver Valley home ed.)</subfield><subfield code="w">(DLC)sn 86081837</subfield><subfield code="w">(OCoLC)2258207</subfield></datafield></record>